%% This BibTeX bibliography file was created using BibDesk.
%% http://bibdesk.sourceforge.net/

%% Created for Trojass at 2017-03-08 10:08:36 +0100 


%% Saved with string encoding Unicode (UTF-8) 

@book{MatrixBook,
	Author = {Kaare Brandt Petersen, Michael Syskind Pedersen},
	Title = {The Matrix Cookbook},
	Year = {2012}}

@misc{MatlabGreyBox,
	Author = {PE100},
	Note = {Last visited 07-04-2017, \url{https://se.mathworks.com/help/ident/nonlinear-grey-box-models.html}},
	Title = {Nonlinear Grey-Box Models}}

@misc{LinearEstimation,
	Author = {MathWorks},
	Note = {Last visited 07-05-2017, \url{https://se.mathworks.com/help/ident/ug/estimating-linear-grey-box-models.html}},
	Title = {Estimate Linear Grey-Box Models}}

@book{franklin1994feedback,
  title={Feedback control of dynamic systems},
  author={Franklin, Gene F and Powell, J David and Emami-Naeini, Abbas},
  volume={7}
}